
@misc{mostipak_college_2020,
	title = {College tuition, diversity, and pay},
	url = {https://www.kaggle.com/datasets/jessemostipak/college-tuition-diversity-and-pay},
	abstract = {\#TidyTuesday week 11},
	language = {en},
	urldate = {2024-04-19},
	author = {Mostipak, Jesse},
	month = mar,
	year = {2020},
	file = {Snapshot:/Users/conno/Zotero/storage/AP6VTX8H/data.html:text/html},
	howpublished={\url{https://www.kaggle.com/datasets/jessemostipak/college-tuition-diversity-and-pay}}
}
